%Thou shalt cite Maldacena.
@article{Maldacena:1997re,
      author         = "Maldacena, Juan Martin",
      title          = "{The Large N limit of superconformal field theories and
                        supergravity}",
      journal        = "Adv.Theor.Math.Phys.",
      volume         = "2",
      pages          = "231-252",
      year           = "1998",
      eprint         = "hep-th/9711200",
      archivePrefix  = "arXiv",
      primaryClass   = "hep-th",
      reportNumber   = "HUTP-98-A097",
      SLACcitation   = "%%CITATION = HEP-TH/9711200;%%",
}

@book{joesbook,
  title = {String Theory, Volumes 1 and 2},
  publisher = {Cambridge University Press},
  year = {2005},
  author = {Joseph {Polchinski}},
  address = {Cambridge},
  edition = {first},
  owner = {public domain},
  timestamp = {}
}


@article{CMS:myTOPRun2PAS,
      author         = "CMS Collaboration",
      title          = "{Search for standard model production of four top quarks
                        in final states with same-sign and multiple leptons in
                        proton-proton collisions at $\sqrt{s}=13~\mathrm{TeV}$}",
      year           = "2019",
      reportNumber   = "CMS-PAS-TOP-18-003",
      SLACcitation   = "%%CITATION = CMS-PAS-TOP-18-003;%%"
}

@article{CMS:mySUSRun2PAS,
      author         = "CMS Collaboration",
      title          = "{Search for physics beyond the standard model in events
                        with two same-sign leptons or at least three leptons and
                        jets in proton-proton collisions at
                        $\sqrt{s}=13~\mathrm{TeV}$.}",
      year           = "2019",
      reportNumber   = "CMS-PAS-SUS-19-008",
      SLACcitation   = "%%CITATION = CMS-PAS-SUS-19-008;%%"
}

@article{CMS:myTOP2016,
      author         = "CMS Collaboration",
      title          = "{Search for standard model production of four top quarks
                        with same-sign and multilepton final states in
                        proton-proton collisions at $\sqrt{s} = 13\,\text {TeV}
                        $}",
      journal        = "Eur. Phys. J.",
      volume         = "C78",
      year           = "2018",
      number         = "2",
      pages          = "140",
      doi            = "10.1140/epjc/s10052-018-5607-5",
      eprint         = "1710.10614",
      archivePrefix  = "arXiv",
      primaryClass   = "hep-ex",
      reportNumber   = "CMS-TOP-17-009, CERN-EP-2017-262",
      SLACcitation   = "%%CITATION = ARXIV:1710.10614;%%"
}

@article{CMS:mySUS2016,
      author         = "CMS Collaboration",
      title          = "{Search for physics beyond the standard model in events
                        with two leptons of same sign, missing transverse
                        momentum, and jets in proton-proton collisions at
                        $\sqrt{s} = 13\,\text {TeV} $}",
      journal        = "Eur. Phys. J.",
      volume         = "C77",
      year           = "2017",
      number         = "9",
      pages          = "578",
      doi            = "10.1140/epjc/s10052-017-5079-z",
      eprint         = "1704.07323",
      archivePrefix  = "arXiv",
      primaryClass   = "hep-ex",
      reportNumber   = "CMS-SUS-16-035, CERN-EP-2017-071",
      SLACcitation   = "%%CITATION = ARXIV:1704.07323;%%"
}

@article{GAN:LHC2019,
      author         = "Hashemi, Bobak and Amin, Nick and Datta, Kaustuv and
                        Olivito, Dominick and Pierini, Maurizio",
      title          = "{LHC analysis-specific datasets with Generative
                        Adversarial Networks}",
      year           = "2019",
      eprint         = "1901.05282",
      archivePrefix  = "arXiv",
      primaryClass   = "hep-ex",
      SLACcitation   = "%%CITATION = ARXIV:1901.05282;%%"
}
